@article{Koz17,
  title={On spectrum of an adjacencies matrix of almost-complete graph},
  author={Kozlukov, Sergey Viktorovich},
  journal={Mathematical Physics and Computer Simulation},
  volume={20},
  number={4},
  pages={18--25},
  year={2017},
  publisher={Volgograd State University},
  url={http://mi.mathnet.ru/vvgum193},
  keywords={my,peerReviewed},
}
  	
@article{Koz18,
  author={Serge Kozlukov},
  title={The method of similar operators in the study of the spectra of the adjacency matrices of graphs},
  journal={Journal of Physics: Conference Series},
  volume={973},
  number={1},
  pages={012036},
  url={http://stacks.iop.org/1742-6596/973/i=1/a=012036},
  year={2018},
  abstract={The method of similar operators [1, 2, 3] is used to investigate spectral properties of a certain class of matrices in the context of graphs [4, 5]. Specifically, we consider the adjacency matrix of an “almost-complete graph”. Then we generalize the result to allow the matrices obtained as combinations of the Kronecker products [6, 7] and the small-norm perturbations. We derive the estimates of the spectra and the eigenvectors of such matrices.},
  keywords={my,peerReviewed},
}

@inproceedings{sergekozlukov@vspu,
    author = {Serge Kozlukov},
    title = {Spectra of almost-all-ones matrices},
    language = {English},
    booktitle = {Nekotorye voprosy analiza, algebry, geometrii i matematičeskogo obrazovanija},
    eventtitle = {International conference ``Metody sovremennogo matematičeskogo analiza i geometrii i ih priloženija''},
    eventdate = {26.12.2016},
    issn = {2411-1929},
    publisher = {"Nauchnaya Kniga"},
    address = {Voronezh},
    year = {2016},
    month = {dec},
    number = {5},
    volume = {1},
    pages = {13-4},
    organization = {VSPU},
    url = {https://elibrary.ru/item.asp?id=29378072},
    keywords={my,talk}
}

@inproceedings{sergekozlukov@currentproblems,
    author = {Serge Kozlukov},
    title = {Investigation of spectral properties of adjacency matrices of a special class of digraphs},
    booktitle = {Applied Mathematics, Computational Science and Mechanics: Current Problems},
    eventtitle = {International Conference ``Applied Mathematics, Computational Science and Mechanics: Current Problems''},
    eventdate={19.12.2017},
    year = {2017},
    publisher = {Nauchno-Issledovatelskie publicatsii},
    address = {Voronezh},
    url = {http://www.amm.vsu.ru/conf2017/conf/index.php?page=Doklads},
    isbn = {978-5-9500319-1-5},
    pages = {731},
    keywords={my,talk}
}

% METHOD OF SIMILAR OPERATORS
% ~\cite{baskakov1986theorem,baskakov1987theorem,baskakov1994spectral,baskakov2002splitting}

@article{baskakov1986theorem,
  title={Теорема о расщеплении оператора и некоторые смежные вопросы аналитической теории возмущений},
  author={Баскаков, Анатолий Григорьевич},
  journal={Известия Российской академии наук. Серия математическая},
  volume={50},
  number={3},
  pages={435--457},
  year={1986},
  publisher={Российская академия наук, Математический институт им. ВА Стеклова Российской академии наук}
}


@article{baskakov1987theorem,
  title={A theorem on splitting an operator, and some related questions in the analytic theory of perturbations},
  author={Baskakov, Anatoly Grigorievich},
  journal={Mathematics of the USSR-Izvestiya},
  volume={28},
  number={3},
  pages={421},
  year={1987},
  publisher={IOP Publishing}
}

@article{baskakov1994spectral,
  title={Spectral analysis of perturbed nonquasianalytic and spectral operators},
  author={Baskakov, Anatoly Grigorievich},
  journal={Izvestiya Rossiiskoi Akademii Nauk. Seriya Matematicheskaya},
  volume={58},
  number={4},
  pages={3--32},
  year={1994},
  publisher={Russian Academy of Sciences, Steklov Mathematical Institute of Russian Academy of Sciences}
}

@article{baskakov2002splitting,
  title={Splitting of perturbated differential operators with unbounded operator coefficients},
  author={Baskakov, Anatoly Grigorievich},
  journal={Fundamentalnaya i Prikladnaya Matematika},
  volume={8},
  number={1},
  pages={1--16},
  year={2002}
}

@article{baskakov2011method,
  title={The method of similar operators in the spectral analysis of non-self-adjoint Dirac operators with non-smooth potentials},
  author={Baskakov, Anatoly G, and Derbushev, Aleksey V, and Shcherbakov, Alexandr O},
  journal={Izvestiya: Mathematics},
  volume={75},
  number={3},
  pages={445},
  year={2011},
  publisher={IOP Publishing}
}

@article{baskakov1983methods,
  title = {Methods of abstract harmonic analysis in the perturbation of linear operators},
  author = {Baskakov, Anatoly Grigorievich},
  journal = {Siberian Mathematical Journal},
  volume = {24},
  number = {1},
  pages = {17--32},
  year = {1983},
  publisher = {Springer}
}

@article{baskakov2017method,
  title={The method of similar operators in the spectral analysis of the Hill operator with nonsmooth potential},
  author={Baskakov, Anatoly Grigorievich, and Polyakov, Dmitry Mikhailovich},
  journal={Sb.: Mathematics},
  volume={208},
  number={1},
  pages={1},
  year={2017},
  publisher={IOP Publishing}
}

@article{baskakov2013completeness,
  title={On completeness of spectral subspaces of linear relations and ordered pairs of linear operators},
  author={Baskakov, Anatoly Grigorievich, and Krishtal, Ilya A},
  journal={Journal of Mathematical Analysis and Applications},
  volume={407},
  number={1},
  pages={157--178},
  year={2013},
  publisher={Elsevier}
}

% GRAPHS AND GRAPH SPECTRA
% ~\cite{cvetkovic1997eigenspaces,cvetkovic1980spectra,cvetkovic2010introduction,godsil2013algebraic}

@book{cvetkovic1997eigenspaces,
  title={Eigenspaces of graphs},
  author={Cvetkovi{\'c}, Drago{\v{s}} M, and Rowlinson, Peter, and Simic, Slobodan},
  volume={66},
  year={1997},
  publisher={Cambridge University Press}
}

@book{godsil2013algebraic,
  title={Algebraic graph theory},
  author={Godsil, Chris, and Royle, Gordon F},
  volume={207},
  year={2013},
  publisher={Springer Science \& Business Media}
}

@article{van2003graphs,
  title={Which graphs are determined by their spectrum?},
  author={Van Dam, Edwin R, and Haemers, Willem H},
  journal={Linear Algebra and its applications},
  volume={373},
  pages={241--272},
  year={2003},
  publisher={Elsevier}
}

@misc{cvetkovic1980spectra,
  title={Spectra of Graph-Theory and Applications},
  author={Cvetkovi{\'c}, D, and Doob, M, and Sachs, H},
  year={1980},
  publisher={Academic Press, New York}
}

@inproceedings{wang2003epidemic,
  title={Epidemic spreading in real networks: An eigenvalue viewpoint},
  author={Wang, Yang, and Chakrabarti, Deepayan, and Wang, Chenxi, and Faloutsos, Christos},
  booktitle={Reliable Distributed Systems, 2003. Proceedings. 22nd International Symposium on},
  pages={25--34},
  year={2003},
  organization={IEEE}
}

@article{chakrabarti2008epidemic,
  title={Epidemic thresholds in real networks},
  author={Chakrabarti, Deepayan, and Wang, Yang, and Wang, Chenxi, and Leskovec, Jurij, and Faloutsos, Christos},
  journal={ACM Transactions on Information and System Security (TISSEC)},
  volume={10},
  number={4},
  pages={1},
  year={2008},
  publisher={ACM}
}

@article{bonacich1972factoring,
  title={Factoring and weighting approaches to status scores and clique identification},
  author={Bonacich, Phillip},
  journal={Journal of Mathematical Sociology},
  volume={2},
  number={1},
  pages={113--120},
  year={1972},
  publisher={Taylor \& Francis}
}

@techreport{ilprints422,
          number = {1999-66},
           month = {November},
          author = {Lawrence Page, and Sergey Brin, and Rajeev Motwani, and Terry Winograd},
            note = {Previous number = SIDL-WP-1999-0120},
           title = {The PageRank Citation Ranking: Bringing Order to the Web.},
            type = {Technical Report},
       publisher = {Stanford InfoLab},
            year = {1999},
     institution = {Stanford InfoLab},
             url = {http://ilpubs.stanford.edu:8090/422/},
        abstract = {The importance of a Web page is an inherently subjective matter, which depends on the readers interests, knowledge and attitudes. But there is still much that can be said objectively about the relative importance of Web pages. This paper describes PageRank, a mathod for rating Web pages objectively and mechanically, effectively measuring the human interest and attention devoted to them. We compare PageRank to an idealized random Web surfer. We show how to efficiently compute PageRank for large numbers of pages. And, we show how to apply PageRank to search and to user navigation.}
}

@book{bellman-matrices-kron,
  title={Introduction to matrix analysis},
  author={Bellman, Richard},
  year={1997},
  publisher={SIAM},
  pages={227},
  doi={10.1137/1.9781611971170.ch12},
% isbn={978-0-89871-399-2},
  series={Classics in Applied Mathematics},
}

@techreport{schwartz2006fluctuation,
  title={Fluctuation Induced Almost Invariant Sets},
  author={Schwartz, Ira B, and Billings, Lora},
  year={2006},
  institution={NAVAL RESEARCH LAB WASHINGTON DC PLASMA PHYSICS DIV}
}

@book{abraham2012manifolds,
  title={Manifolds, tensor analysis, and applications},
  author={Abraham, Ralph, and Marsden, Jerrold E, and Ratiu, Tudor},
  volume={75},
  year={2012},
  publisher={Springer Science \& Business Media}
}

@article{meyer1994sensitivity,
  title={Sensitivity of the stationary distribution of a Markov chain},
  author={Meyer, Carl D},
  journal={SIAM Journal on Matrix Analysis and Applications},
  volume={15},
  number={3},
  pages={715--728},
  year={1994},
  publisher={SIAM}
}

@book{friedrichs1965advanced,
  title={Advanced ordinary differential equations},
  author={Friedrichs, Kurt Otto},
  year={1965},
  publisher={CRC Press}
}

@article{XIANG2005210,
title = "On perturbation bounds of Kronecker product linear systems and their level-2 condition numbers",
journal = "Journal of Computational and Applied Mathematics",
volume = "183",
number = "1",
pages = "210 - 231",
year = "2005",
issn = "0377-0427",
doi = "https://doi.org/10.1016/j.cam.2005.01.014",
url = "http://www.sciencedirect.com/science/article/pii/S0377042705000269",
author = "Hua Xiang, and Huaian Diao, and Yimin Wei",
keywords = "Backward error, Componentwise, Condition number, Kronecker product, Normwise, Perturbation, Sensitivity",
abstract = "Abstract The classical perturbation theory of linear systems Ax=b is extended to Kronecker product linear systems (A⊗B)x=d. Upper bounds are derived for the normwise and componentwise condition number. The nearness to singularity and the sensitivity of the condition numbers are analyzed."
}

@article{FENG20091691,
title = "Spectral properties of sums of certain Kronecker products",
journal = "Linear Algebra and its Applications",
volume = "431",
number = "9",
pages = "1691 - 1701",
year = "2009",
issn = "0024-3795",
doi = "https://doi.org/10.1016/j.laa.2009.06.004",
url = "http://www.sciencedirect.com/science/article/pii/S0024379509003012",
author = "Jun-e Feng, and James Lam, and Yimin Wei",
keywords = "Eigenvalue, Eigenvector, Spectrum, Kronecker product, Spectral abscissa, Spectral radius",
abstract = "Abstract We introduce two kinds of sums of Kronecker products, and their induced operators. We study the algebraic properties of these two kinds of matrices and their associated operators; the properties include their eigenvalues, their eigenvectors, and the relationships between their spectral radii or spectral abscissae. Furthermore, two projected matrices of these Kronecker products and their induced operators are also studied."
}

@book{cvetkovic2010introduction,
  title={An introduction to the theory of graph spectra},
  author={Cvetkovic, Dragos M, and Rowlinson, Peter, and Simic, Slobodan},
  year={2010},
  publisher={Cambridge University Press Cambridge, UK}
}

@article{sergekozlukov@volgograd,
    author = {Serge Kozlukov},
    journal = {Mathematical Physics and Computer Simulation},
%    issn = {2587-6325},
    keywords = {METHOD OF SIMILAR OPERATORS, GRAPH SPECTRA, EIGENVALUES LOCALIZATION, JORDAN NORMAL FORM, NONLINEAR EQUATIONS, CONTRACTION THEORY},
    publisher = {Volgograd State University},
    address = {Volgograd},
    doi = {10.15688/mpcm.jvolsu.2017.4.2},
    year = {2017},
    issue = {4},
    pages = {18-25},
    volume = {20},
    title = {ON SPECTRUM OF AN ADJACENCIES MATRIX OF ALMOST-COMPLETE GRAPH},
    abstract = {With the use of the method of similar operators
    we investigate spectral properties of the adjacency matrices of the almost-complete-digraphs.
    We provide specific range estimates of the eigenvalues and the eigenvectors of such matrices.},
    url = {https://elibrary.ru/item.asp?id=30604886}
}
